@article{Wilkinson2016,
  doi = {10.1038/sdata.2016.18},
  year = {2016},
  month = mar,
  publisher = {Springer Science and Business Media {LLC}},
  volume = {3},
  number = {1},
  author = {Mark D. Wilkinson and Michel Dumontier and IJsbrand Jan Aalbersberg and Gabrielle Appleton and Myles Axton and Arie Baak and Niklas Blomberg and Jan-Willem Boiten and Luiz Bonino da Silva Santos and Philip E. Bourne and Jildau Bouwman and Anthony J. Brookes and Tim Clark and Merc{\`{e}} Crosas and Ingrid Dillo and Olivier Dumon and Scott Edmunds and Chris T. Evelo and Richard Finkers and Alejandra Gonzalez-Beltran and Alasdair J.G. Gray and Paul Groth and Carole Goble and Jeffrey S. Grethe and Jaap Heringa and Peter A.C 't Hoen and Rob Hooft and Tobias Kuhn and Ruben Kok and Joost Kok and Scott J. Lusher and Maryann E. Martone and Albert Mons and Abel L. Packer and Bengt Persson and Philippe Rocca-Serra and Marco Roos and Rene van Schaik and Susanna-Assunta Sansone and Erik Schultes and Thierry Sengstag and Ted Slater and George Strawn and Morris A. Swertz and Mark Thompson and Johan van der Lei and Erik van Mulligen and Jan Velterop and Andra Waagmeester and Peter Wittenburg and Katherine Wolstencroft and Jun Zhao and Barend Mons},
  title = {The {FAIR} Guiding Principles for scientific data management and stewardship},
  journal = {Scientific Data}
}

@misc{Wynne2018,
  doi = {10.26186/5C1987FA17078},
  author = {Wynne,  P.},
  keywords = {Point,  Gravity,  Published_External},
  language = {en},
  title = {NetCDF Ground Gravity Point Surveys Collection},
  publisher = {Commonwealth of Australia (Geoscience Australia)},
  year = {2018}
}

@misc{Uieda2021,
  doi = {10.6084/M9.FIGSHARE.13643837},
  author = {Uieda,  Leonardo},
  keywords = {Geophysics,  FOS: Earth and related environmental sciences},
  title = {Ground gravity data compilation for {A}ustralia version 2.0},
  publisher = {figshare},
  year = {2021},
  copyright = {Creative Commons Attribution 4.0 International}
}

@article{Uieda2016,
  doi = {10.1190/geo2015-0204.1},
  year = {2016},
  month = sep,
  volume = {81},
  number = {5},
  pages = {F41--F48},
  author = {Leonardo Uieda and Val{\'{e}}ria C. F. Barbosa and Carla Braitenberg},
  title = {Tesseroids: Forward-modeling gravitational fields in spherical coordinates},
  journal = {{GEOPHYSICS}}
}

@article{Uieda2017,
  doi = {10.1093/gji/ggw390},
  year = {2017},
  month = oct,
  publisher = {Oxford University Press ({OUP})},
  volume = {208},
  number = {1},
  pages = {162--176},
  author = {Leonardo Uieda and Val{\'{e}}ria C.F. Barbosa},
  title = {Fast nonlinear gravity inversion in spherical coordinates with application to the South American Moho},
  journal = {Geophysical Journal International}
}

@inproceedings{Uieda2013,
  doi = {10.25080/majora-8b375195-010},
  year = {2013},
  publisher = {{SciPy}},
  author = {Leonardo Uieda and Vanderlei C. {Oliveira Jr.} and Val{\'{e}}ria Barbosa},
  title = {Modeling the Earth with Fatiando a Terra},
  booktitle = {Proceedings of the Python in Science Conference}
}

@article{Uieda2020,
  doi = {10.21105/joss.01943},
  year = {2020},
  month = jan,
  publisher = {The Open Journal},
  volume = {5},
  number = {45},
  pages = {1943},
  author = {Leonardo Uieda and Santiago Soler and R{\'{e}}mi Rampin and Hugo van Kemenade and Matthew Turk and Daniel Shapero and Anderson Banihirwe and John Leeman},
  title = {Pooch: A friend to fetch your data files},
  journal = {Journal of Open Source Software}
}

@article{Uieda2018,
  doi = {10.21105/joss.00957},
  year = {2018},
  month = oct,
  publisher = {The Open Journal},
  volume = {3},
  number = {30},
  pages = {957},
  author = {Leonardo Uieda},
  title = {Verde: Processing and gridding spatial data using Green's functions},
  journal = {Journal of Open Source Software}
}

@article{Wessel2019,
  doi = {10.1029/2019gc008515},
  year = {2019},
  month = nov,
  publisher = {American Geophysical Union ({AGU})},
  volume = {20},
  number = {11},
  pages = {5556--5564},
  author = {P. Wessel and J. F. Luis and L. Uieda and R. Scharroo and F. Wobbe and W. H. F. Smith and D. Tian},
  title = {The Generic Mapping Tools Version 6},
  journal = {Geochemistry,  Geophysics,  Geosystems}
}

@misc{Uieda2022,
  doi = {10.5281/ZENODO.3781524},
  author = {Uieda,  Leonardo and Tian,  Dongdong and Leong,  Wei Ji and Jones,  Max and Schlitzer,  William and Grund,  Michael and Toney,  Liam and Yao,  Jiayuan and Magen,  Yohai and Materna,  Kathryn and Fr\"{o}hlich,  Yvonne and Belem,  Andre and Newton,  Tyler and Anant,  Abhishek and Ziebarth,  Malte and Quinn,  Jamie and Wessel,  Paul},
  language = {en},
  title = {PyGMT: A Python interface for the Generic Mapping Tools},
  publisher = {Zenodo},
  year = {2022},
  copyright = {BSD 3-Clause "New" or "Revised" License}
}

@article{Socha2008,
  title = {Ant Colony Optimization for Continuous Domains},
  volume = {185},
  issn = {03772217},
  doi = {10.1016/j.ejor.2006.06.046},
  number = {3},
  journal = {European Journal of Operational Research},
  author = {Socha, Krzysztof and Dorigo, Marco},
  month = mar,
  year = {2008},
  pages = {1155--1173}
}

@misc{Uieda2006,
  doi = {10.6084/M9.FIGSHARE.4779769},
  author = {Uieda,  Leonardo and D'Agrella-Filho,  Manoel S.},
  keywords = {Geophysics,  FOS: Earth and related environmental sciences,  FOS: Earth and related environmental sciences},
  title = {Paleomagnetismo e mineralogia magnética dos diques cambrianos de Maravilhas e Prata (PB)},
  publisher = {figshare},
  year = {2006},
  copyright = {Creative Commons Attribution 4.0 International}
}

@misc{Uieda2008,
  doi = {10.6084/M9.FIGSHARE.4779760},
  author = {Uieda,  Leonardo and Ussami,  Naomi},
  keywords = {Geophysics,  FOS: Earth and related environmental sciences,  FOS: Earth and related environmental sciences},
  title = {Utiliza\c{c}ão de tesseróides na modelagem de dados de gradiometria gravimétrica},
  publisher = {figshare},
  year = {2008},
  copyright = {Creative Commons Attribution 4.0 International}
}

@article{WildPfeiffer2008,
  doi = {10.1007/s00190-008-0219-8},
  year = {2008},
  month = apr,
  publisher = {Springer Science and Business Media {LLC}},
  volume = {82},
  number = {10},
  pages = {637--653},
  author = {F. Wild-Pfeiffer},
  title = {A comparison of different mass elements for use in gravity gradiometry},
  journal = {Journal of Geodesy}
}

@article{SilvaDias2009,
  doi = {10.1190/1.3092775},
  year = {2009},
  month = may,
  publisher = {Society of Exploration Geophysicists},
  volume = {74},
  number = {3},
  pages = {I9--I21},
  author = {Fernando J. {Silva Dias} and Val{\'{e}}ria C. Barbosa and Jo{\~{a}}o B. Silva},
  title = {3D gravity inversion through an adaptive-learning procedure},
  journal = {{GEOPHYSICS}}
}

@article{Nagy2000,
  doi = {10.1007/s001900000116},
  year = {2000},
  month = nov,
  publisher = {Springer Science and Business Media {LLC}},
  volume = {74},
  number = {7-8},
  pages = {552--560},
  author = {D. Nagy and G. Papp and J. Benedek},
  title = {The gravitational potential and its derivatives for the prism},
  journal = {Journal of Geodesy}
}

@article{Rene1986,
  doi = {10.1190/1.1442157},
  year = {1986},
  month = apr,
  publisher = {Society of Exploration Geophysicists},
  volume = {51},
  number = {4},
  pages = {988--994},
  author = {R. M. Ren{\'{e}}},
  title = {Gravity inversion using open,  reject,  and {\textquotedblleft}shape-of-anomaly{\textquotedblright} fill criteria},
  journal = {{GEOPHYSICS}}
}

@article{Uieda2012,
  doi = {10.1190/geo2011-0388.1},
  year = {2012},
  month = jul,
  publisher = {Society of Exploration Geophysicists},
  volume = {77},
  number = {4},
  pages = {G55--G66},
  author = {Leonardo Uieda and Val{\'{e}}ria C. F. Barbosa},
  title = {Robust 3D gravity gradient inversion by planting anomalous densities},
  journal = {{GEOPHYSICS}}
}

@inproceedings{Uieda2012SEG,
  doi = {10.1190/segam2012-0383.1},
  year = {2012},
  month = sep,
  publisher = {Society of Exploration Geophysicists},
  author = {Leonardo Uieda and Val{\'{e}}ria C. F. Barbosa},
  title = {Use of the {\textquotedblleft}shape-of-anomaly{\textquotedblright} data misfit in 3D inversion by planting anomalous densities},
  booktitle = {{SEG} Technical Program Expanded Abstracts 2012}
}

@article{OliveiraJr2013,
  doi = {10.1190/geo2012-0196.1},
  year = {2013},
  month = jan,
  publisher = {Society of Exploration Geophysicists},
  volume = {78},
  number = {1},
  pages = {G1--G13},
  author = {Vanderlei C. {Oliveira Jr.} and Val{\'{e}}ria C. F. Barbosa and Leonardo Uieda},
  title = {Polynomial equivalent layer},
  journal = {{GEOPHYSICS}}
}

@article{Melo2013,
  doi = {10.1190/geo2012-0515.1},
  year = {2013},
  month = nov,
  publisher = {Society of Exploration Geophysicists},
  volume = {78},
  number = {6},
  pages = {J87--J98},
  author = {Felipe F. Melo and Valeria C. F. Barbosa and Leonardo Uieda and Vanderlei C. {Oliveira Jr.} and Jo{\~{a}}o B. C. Silva},
  title = {Estimating the nature and the horizontal and vertical positions of 3D magnetic sources using Euler deconvolution},
  journal = {{GEOPHYSICS}}
}

@article{Carlos2014,
  doi = {10.1016/j.oregeorev.2014.02.011},
  year = {2014},
  month = sep,
  publisher = {Elsevier {BV}},
  volume = {61},
  pages = {268--285},
  author = {Dion{\'{\i}}sio U. Carlos and Leonardo Uieda and Valeria C.F. Barbosa},
  title = {Imaging iron ore from the Quadril{\'{a}}tero Ferr{\'{\i}}fero (Brazil) using geophysical inversion and drill hole data},
  journal = {Ore Geology Reviews}
}

@article{OliveiraJr2015,
  doi = {10.5194/npg-22-215-2015},
  year = {2015},
  month = apr,
  publisher = {Copernicus {GmbH}},
  volume = {22},
  number = {2},
  pages = {215--232},
  author = {V. C. {Oliveira Jr.} and D. P. Sales and V. C. F. Barbosa and L. Uieda},
  title = {Estimation of the total magnetization direction of approximately spherical bodies},
  journal = {Nonlinear Processes in Geophysics}
}

@article{Carlos2016,
  doi = {10.1016/j.jappgeo.2016.04.011},
  year = {2016},
  month = jul,
  publisher = {Elsevier {BV}},
  volume = {130},
  pages = {153--168},
  author = {Dion{\'{\i}}sio U. Carlos and Leonardo Uieda and Valeria C.F. Barbosa},
  title = {How two gravity-gradient inversion methods can be used to reveal different geologic features of ore deposit {\textemdash} A case study from the Quadril{\'{a}}tero Ferr{\'{\i}}fero (Brazil)},
  journal = {Journal of Applied Geophysics}
}

@article{Brown2018,
  doi = {10.1371/journal.pcbi.1006023},
  year = {2018},
  month = apr,
  publisher = {Public Library of Science ({PLoS})},
  volume = {14},
  number = {4},
  pages = {e1006023},
  author = {Neil C. C. Brown and Greg Wilson},
  editor = {Francis Ouellette},
  title = {Ten quick tips for teaching programming},
  journal = {{PLOS} Computational Biology}
}

@article{Cosh1998,
  doi = {10.1080/1355800980350211},
  year = {1998},
  month = may,
  publisher = {Informa {UK} Limited},
  volume = {35},
  number = {2},
  pages = {171--176},
  author = {Jill Cosh},
  title = {Peer Observation in Higher Education -- A Reflective Approach},
  journal = {Innovations in Education and Training International}
}

@article{Fletcher2018,
  title={Peer observation of teaching: A practical tool in higher education},
  author={Fletcher, Jeffrey A},
  journal={The Journal of Faculty Development},
  volume={32},
  number={1},
  pages={51--64},
  year={2018},
  publisher={Magna Publications},
}

@article{OKeeffe2021,
  doi = {10.1080/1360144x.2021.1954524},
  year = {2021},
  month = jul,
  publisher = {Informa {UK} Limited},
  volume = {26},
  number = {3},
  pages = {266--278},
  author = {Muireann O'Keeffe and Martina Crehan and Morag Munro and Anna Logan and Ann Marie Farrell and Eric Clarke and Michelle Flood and Monica Ward and Tatiana Andreeva and Chris Van Egeraat and Frances Heaney and Declan Curran and Eric Clinton},
  title = {Exploring the role of peer observation of teaching in facilitating cross-institutional professional conversations about teaching and learning},
  journal = {International Journal for Academic Development}
}

@article{Asgharzadeh2007,
  doi = {10.1111/j.1365-246x.2007.03214.x},
  year = {2007},
  month = apr,
  publisher = {Oxford University Press ({OUP})},
  volume = {169},
  number = {1},
  pages = {1--11},
  author = {M. F. Asgharzadeh and R. R. B. von Frese and H. R. Kim and T. E. Leftwich and J. W. Kim},
  title = {Spherical prism gravity effects by Gauss-Legendre quadrature integration},
  journal = {Geophysical Journal International}
}

@article{Bouman2013,
  doi = {10.1029/2012jb009747},
  year = {2013},
  month = feb,
  publisher = {American Geophysical Union ({AGU})},
  volume = {118},
  number = {2},
  pages = {759--774},
  author = {Johannes Bouman and J\"{o}rg Ebbing and Martin Fuchs},
  title = {Reference frame transformation of satellite gravity gradients and topographic mass reduction},
  journal = {Journal of Geophysical Research: Solid Earth}
}

@article{Heck2006,
  doi = {10.1007/s00190-006-0094-0},
  year = {2006},
  month = sep,
  publisher = {Springer Science and Business Media {LLC}},
  volume = {81},
  number = {2},
  pages = {121--136},
  author = {B. Heck and K. Seitz},
  title = {A comparison of the tesseroid,  prism and point-mass approaches for mass reductions in gravity field modelling},
  journal = {Journal of Geodesy}
}

@article{Grombein2013,
  doi = {10.1007/s00190-013-0636-1},
  year = {2013},
  month = may,
  publisher = {Springer Science and Business Media {LLC}},
  volume = {87},
  number = {7},
  pages = {645--660},
  author = {Thomas Grombein and Kurt Seitz and Bernhard Heck},
  title = {Optimized formulas for the gravitational field of a tesseroid},
  journal = {Journal of Geodesy}
}

@article{Bouman2016,
  doi = {10.1038/srep21050},
  year = {2016},
  month = feb,
  publisher = {Springer Science and Business Media {LLC}},
  volume = {6},
  number = {1},
  author = {Johannes Bouman and J\"{o}rg Ebbing and Martin Fuchs and Josef Sebera and Verena Lieb and Wolfgang Szwillus and Roger Haagmans and Pavel Novak},
  title = {Satellite gravity gradient grids for geophysics},
  journal = {Scientific Reports}
}

@article{Zhao2019,
  doi = {10.1029/2019jb017691},
  year = {2019},
  month = apr,
  publisher = {American Geophysical Union ({AGU})},
  volume = {124},
  number = {4},
  pages = {4157--4173},
  author = {Guangdong Zhao and Bo Chen and Leonardo Uieda and Jianxin Liu and Mikhail K. Kaban and Longwei Chen and Rongwen Guo},
  title = {Efficient 3-D Large-Scale Forward Modeling and Inversion of Gravitational Fields in Spherical Coordinates With Application to Lunar Mascons},
  journal = {Journal of Geophysical Research: Solid Earth}
}

@article{Soler2019,
  doi = {10.1093/gji/ggz277},
  year = {2019},
  month = jun,
  publisher = {Oxford University Press ({OUP})},
  volume = {218},
  number = {3},
  pages = {2150--2164},
  author = {Santiago R Soler and Agustina Pesce and Mario E Gimenez and Leonardo Uieda},
  title = {Gravitational field calculation in spherical coordinates using variable densities in depth},
  journal = {Geophysical Journal International}
}

@article{Baykiev2016,
  doi = {10.1016/j.cageo.2016.08.004},
  year = {2016},
  month = nov,
  publisher = {Elsevier {BV}},
  volume = {96},
  pages = {124--135},
  author = {Eldar Baykiev and J\"{o}rg Ebbing and Marco Br\"{o}nner and Karl Fabian},
  title = {Forward modeling magnetic fields of induced and remanent magnetization in the lithosphere using tesseroids},
  journal = {Computers and Geosciences}
}

@article{Golynsky2018,
  doi = {10.1029/2018gl078153},
  year = {2018},
  month = jul,
  publisher = {American Geophysical Union ({AGU})},
  volume = {45},
  number = {13},
  pages = {6437--6449},
  author = {A. V. Golynsky and F. Ferraccioli and J. K. Hong and D. A. Golynsky and R. R. B. von Frese and D. A. Young and D. D. Blankenship and J. W. Holt and S. V. Ivanov and A. V. Kiselev and V. N. Masolov and G. Eagles and K. Gohl and W. Jokat and D. Damaske and C. Finn and A. Aitken and R. E. Bell and E. Armadillo and T. A. Jordan and J. S. Greenbaum and E. Bozzo and G. Caneva and R. Forsberg and M. Ghidella and J. Galindo-Zaldivar and F. Bohoyo and Y. M. Martos and Y. Nogi and E. Quartini and H. R. Kim and J. L. Roberts},
  title = {New Magnetic Anomaly Map of the Antarctic},
  journal = {Geophysical Research Letters}
}

@article{Lakshmanan1991,
  doi = {10.1190/1.1443090},
  year = {1991},
  month = may,
  publisher = {Society of Exploration Geophysicists},
  volume = {56},
  number = {5},
  pages = {712--723},
  author = {J. Lakshmanan},
  title = {The generalized gravity anomaly: Endoscopic microgravity},
  journal = {{GEOPHYSICS}}
}

@article{Li2001,
  doi = {10.1190/1.1487109},
  year = {2001},
  month = nov,
  publisher = {Society of Exploration Geophysicists},
  volume = {66},
  number = {6},
  pages = {1660--1668},
  author = {Xiong Li and Hans-J\"{u}rgen G\"{o}tze},
  title = {Ellipsoid,  geoid,  gravity,  geodesy,  and geophysics},
  journal = {{GEOPHYSICS}}
}

@article{Wieczorek2018,
  doi = {10.1029/2018gc007529},
  year = {2018},
  month = aug,
  publisher = {American Geophysical Union ({AGU})},
  volume = {19},
  number = {8},
  pages = {2574--2592},
  author = {Mark A. Wieczorek and Matthias Meschede},
  title = {{SHTools}: Tools for Working with Spherical Harmonics},
  journal = {Geochemistry,  Geophysics,  Geosystems}
}

@misc{May2016,
  doi = {10.5065/D6WW7G29},
  author = {May,  Ryan and Arms,  Sean and Marsh,  Patrick and Bruning,  Eric and Leeman,  John and Bruick,  Zachary and Camron,  M. Drew},
  keywords = {Software,  Free computer software,  Python (Computer program language),  Open source software,  Geospatial data,  Data processing,  Earth sciences},
  language = {en},
  title = {MetPy},
  publisher = {UCAR/NCAR - Unidata},
  year = {2016},
  copyright = {BSD 3-Clause License}
}

@article{Cockett2015,
  doi = {10.1016/j.cageo.2015.09.015},
  year = {2015},
  month = dec,
  publisher = {Elsevier {BV}},
  volume = {85},
  pages = {142--154},
  author = {Rowan Cockett and Seogi Kang and Lindsey J. Heagy and Adam Pidlisecky and Douglas W. Oldenburg},
  title = {{SimPEG}: An open source framework for simulation and gradient based parameter estimation in geophysical applications},
  journal = {Computers and Geosciences}
}

@article{Rucker2017,
  doi = {10.1016/j.cageo.2017.07.011},
  year = {2017},
  month = dec,
  publisher = {Elsevier {BV}},
  volume = {109},
  pages = {106--123},
  author = {Carsten R\"{u}cker and Thomas G\"{u}nther and Florian M. Wagner},
  title = {{pyGIMLi}: An open-source library for modelling and inversion in geophysics},
  journal = {Computers and Geosciences}
}

@article{delaVarga2019,
  doi = {10.5194/gmd-12-1-2019},
  year = {2019},
  month = jan,
  publisher = {Copernicus {GmbH}},
  volume = {12},
  number = {1},
  pages = {1--32},
  author = {Miguel de la Varga and Alexander Schaaf and Florian Wellmann},
  title = {{GemPy} 1.0: open-source stochastic geological modeling and inversion},
  journal = {Geoscientific Model Development}
}

@article{Hoyer2017,
  doi = {10.5334/jors.148},
  year = {2017},
  month = apr,
  publisher = {Ubiquity Press,  Ltd.},
  volume = {5},
  number = {1},
  pages = {10},
  author = {Stephan Hoyer and Joe Hamman},
  title = {xarray: N-D labeled Arrays and Datasets in Python},
  journal = {Journal of Open Research Software}
}

@misc{Uieda2022maunaloa,
  doi = {10.6084/M9.FIGSHARE.21677246},
  author = {Uieda,  Leonardo},
  keywords = {Earth and space science informatics,  Photogrammetry and remote sensing,  Volcanology},
  title = {Landsat 9 scenes of the December 2022 Mauna Loa eruption},
  publisher = {figshare},
  year = {2022},
  copyright = {Creative Commons Zero v1.0 Universal}
}

@article{OliveiraJr2012,
  doi = {10.6084/M9.FIGSHARE.1192984},
  author = {Vanderlei C. {Oliveira Jr.} and Uieda,  Leonardo},
  keywords = {Geophysics,  FOS: Earth and related environmental sciences,  FOS: Earth and related environmental sciences},
  title = {Tópicos de inversão em geofísica},
  publisher = {figshare},
  year = {2012},
  copyright = {Creative Commons Attribution 4.0 International}
}

@article{Sandwell1987,
  doi = {10.1029/gl014i002p00139},
  year = {1987},
  month = feb,
  publisher = {American Geophysical Union ({AGU})},
  volume = {14},
  number = {2},
  pages = {139--142},
  author = {David T. Sandwell},
  title = {Biharmonic spline interpolation of {GEOS}-3 and {SEASAT} altimeter data},
  journal = {Geophysical Research Letters}
}

@article{Sandwell2016,
  title = {Interpolation of 2-{{D}} Vector Data Using Constraints from Elasticity},
  volume = {43},
  issn = {1944-8007},
  doi = {10.1002/2016GL070340},
  language = {en},
  number = {20},
  journal = {Geophysical Research Letters},
  author = {Sandwell, David T. and Wessel, Paul},
  month = oct,
  year = {2016},
  keywords = {1209 Tectonic deformation,1910 Data assimilation; integration and fusion,1976 Software tools and services,3252 Spatial analysis,GPS velocities,vector interpolation},
  pages = {10,703-10,709},
}

@article{Smith1990,
  doi = {10.1190/1.1442837},
  year = {1990},
  month = mar,
  publisher = {Society of Exploration Geophysicists},
  volume = {55},
  number = {3},
  pages = {293--305},
  author = {W. H. F. Smith and P. Wessel},
  title = {Gridding with continuous curvature splines in tension},
  journal = {{GEOPHYSICS}}
}

@article{Roberts2017,
  doi = {10.1111/ecog.02881},
  year = {2017},
  month = mar,
  publisher = {Wiley},
  volume = {40},
  number = {8},
  pages = {913--929},
  author = {David R. Roberts and Volker Bahn and Simone Ciuti and Mark S. Boyce and Jane Elith and Gurutzeta Guillera-Arroita and Severin Hauenstein and Jos{\'{e}} J. Lahoz-Monfort and Boris Schr\"{o}der and Wilfried Thuiller and David I. Warton and Brendan A. Wintle and Florian Hartig and Carsten F. Dormann},
  title = {Cross-validation strategies for data with temporal,  spatial,  hierarchical,  or phylogenetic structure},
  journal = {Ecography}
}

@article{Pedregosa2011,
 title={Scikit-learn: Machine Learning in {P}ython},
 author={Pedregosa, F. and Varoquaux, G. and Gramfort, A. and Michel, V.
         and Thirion, B. and Grisel, O. and Blondel, M. and Prettenhofer, P.
         and Weiss, R. and Dubourg, V. and Vanderplas, J. and Passos, A. and
         Cournapeau, D. and Brucher, M. and Perrot, M. and Duchesnay, E.},
 journal={Journal of Machine Learning Research},
 volume={12},
 pages={2825--2830},
 year={2011}
}

@article{Reguzzoni2013,
  title = {Global {{Moho}} from the combination of the {{CRUST2}}.0 model and {{GOCE}} data},
  issn = {0956-540X, 1365-246X},
  doi = {10.1093/gji/ggt247},
  timestamp = {2015-10-26T18:53:49Z},
  journal = {Geophysical Journal International},
  author = {Reguzzoni, M. and Sampietro, D. and Sanso, F.},
  month = jul,
  year = {2013},
}

@article{Wieczorek1998,
  title = {Potential anomalies on a sphere: {{Applications}} to the thickness of the lunar crust},
  volume = {103},
  copyright = {Copyright 1998 by the American Geophysical Union.},
  issn = {2156-2202},
  shorttitle = {Potential anomalies on a sphere},
  doi = {10.1029/97JE03136},
  language = {en},
  timestamp = {2015-05-11T17:12:33Z},
  number = {E1},
  journal = {Journal of Geophysical Research: Planets},
  author = {Wieczorek, Mark A. and Phillips, Roger J.},
  month = jan,
  year = {1998},
  keywords = {1214 Geopotential theory and determination},
  pages = {1715--1724},
}

@article{vanderMeijde2013,
  title = {Gravity derived {{Moho}} for {{South America}}},
  volume = {609},
  issn = {00401951},
  doi = {10.1016/j.tecto.2013.03.023},
  timestamp = {2016-02-26T03:18:49Z},
  journal = {Tectonophysics},
  author = {{van der Meijde}, M. and Juli{\`a}, J. and Assump{\c c}{\~a}o, M.},
  month = mar,
  year = {2013},
  pages = {456--467},
}

@article{Oldenburg1974,
  title = {The inversion and interpretation of gravity anomalies},
  volume = {39},
  issn = {0016-8033},
  doi = {10.1190/1.1440444},
  timestamp = {2016-02-26T20:11:04Z},
  number = {4},
  journal = {GEOPHYSICS},
  author = {Oldenburg, D.},
  month = aug,
  year = {1974},
  pages = {526--536},
}

@article{KemgangGhomsi2021,
  doi = {10.1016/j.jafrearsci.2020.104027},
  year = {2021},
  month = jan,
  publisher = {Elsevier {BV}},
  volume = {173},
  pages = {104027},
  author = {Franck Eitel Kemgang Ghomsi and Nelson Ribeiro-Filho and Raissa Baldez and Robert Tenzer and Cristiano Mendel Martins and Chikondi Chisenga and S{\'{e}}v{\'{e}}rin Nguiya and Robert Nouayou},
  title = {Identification of Cameroon{\textquotesingle}s geological structures through a gravity separation and using seismic crustal models},
  journal = {Journal of African Earth Sciences}
}

@article{Sobh2020,
  doi = {10.1029/2019jb018747},
  year = {2020},
  month = jul,
  publisher = {American Geophysical Union ({AGU})},
  volume = {125},
  number = {8},
  author = {M. Sobh and J. Ebbing and A. H. Mansi and H.-J. G\"{o}tze and E. L. Emry and M. G. Abdelsalam},
  title = {The Lithospheric Structure of the Saharan Metacraton From 3-D Integrated Geophysical-Petrological Modeling},
  journal = {Journal of Geophysical Research: Solid Earth}
}

@article{Chisenga2019,
  doi = {10.1093/gji/ggz154},
  year = {2019},
  month = mar,
  publisher = {Oxford University Press ({OUP})},
  volume = {218},
  number = {1},
  pages = {388--400},
  author = {Chikondi Chisenga and Jianguo Yan and Peng Yan},
  title = {A crustal thickness model of Antarctica calculated in spherical approximation from satellite gravimetric data},
  journal = {Geophysical Journal International}
}

@article{Haas2020,
  doi = {10.1093/gji/ggaa122},
  year = {2020},
  month = mar,
  publisher = {Oxford University Press ({OUP})},
  volume = {221},
  number = {3},
  pages = {1896--1912},
  author = {Peter Haas and J\"{o}rg Ebbing and Wolfgang Szwillus},
  title = {Sensitivity analysis of gravity gradient inversion of the Moho depth{\textemdash}a case example for the Amazonian Craton},
  journal = {Geophysical Journal International}
}

@article{Silva2014,
  doi = {10.1190/geo2014-0024.1},
  year = {2014},
  month = sep,
  publisher = {Society of Exploration Geophysicists},
  volume = {79},
  number = {5},
  pages = {G79--G91},
  author = {Jo{\~{a}}o B. C. Silva and Darcicl{\'{e}}a F. Santos and Karina P. Gomes},
  title = {Fast gravity inversion of basement relief},
  journal = {{GEOPHYSICS}}
}


@article{Bott1960,
  title = {The use of {{Rapid Digital Computing Methods}} for {{Direct Gravity Interpretation}} of {{Sedimentary Basins}}},
  volume = {3},
  issn = {0956-540X, 1365-246X},
  doi = {10.1111/j.1365-246X.1960.tb00065.x},
  language = {en},
  timestamp = {2015-11-26T18:49:30Z},
  number = {1},
  journal = {Geophysical Journal International},
  author = {Bott, M. H. P.},
  month = jan,
  year = {1960},
  pages = {63--67},
}

@article{Martins2010,
  doi = {10.1190/1.3380225},
  year = {2010},
  month = may,
  publisher = {Society of Exploration Geophysicists},
  volume = {75},
  number = {3},
  pages = {I21--I28},
  author = {Cristiano M. Martins and Valeria C. Barbosa and Jo{\~{a}}o B. Silva},
  title = {Simultaneous 3D depth-to-basement and density-contrast estimates using gravity data and depth control at few points},
  journal = {{GEOPHYSICS}}
}

@article{Dampney1969,
  doi = {10.1190/1.1439996},
  year = {1969},
  month = feb,
  publisher = {Society of Exploration Geophysicists},
  volume = {34},
  number = {1},
  pages = {39--53},
  author = {C. N. G. Dampney},
  title = {{THE} {EQUIVALENT} {SOURCE} {TECHNIQUE}},
  journal = {{GEOPHYSICS}}
}

@article{Soler2021,
  doi = {10.1093/gji/ggab297},
  year = {2021},
  month = aug,
  publisher = {Oxford University Press ({OUP})},
  volume = {227},
  number = {3},
  pages = {1768--1783},
  author = {Santiago R Soler and Leonardo Uieda},
  title = {Gradient-boosted equivalent sources},
  journal = {Geophysical Journal International}
}

@article{Cordell1992,
  doi = {10.1190/1.1443275},
  year = {1992},
  month = apr,
  publisher = {Society of Exploration Geophysicists},
  volume = {57},
  number = {4},
  pages = {629--636},
  author = {Lindrith Cordell},
  title = {A scattered equivalent-source method for interpolation and gridding of potential-field data in three dimensions},
  journal = {{GEOPHYSICS}}
}

@article{OliveiraJr2013,
  doi = {10.1190/geo2012-0196.1},
  year = {2013},
  month = jan,
  publisher = {Society of Exploration Geophysicists},
  volume = {78},
  number = {1},
  pages = {G1--G13},
  author = {Vanderlei C. {Oliveira Jr.} and Val{\'{e}}ria C. F. Barbosa and Leonardo Uieda},
  title = {Polynomial equivalent layer},
  journal = {{GEOPHYSICS}}
}

@article{Friedman2001,
  doi = {10.1214/aos/1013203451},
  year = {2001},
  month = oct,
  publisher = {Institute of Mathematical Statistics},
  volume = {29},
  number = {5},
  author = {Jerome H. Friedman},
  title = {Greedy function approximation: A gradient boosting machine.},
  journal = {The Annals of Statistics}
}

@article{Thompson1982,
  doi = {10.1190/1.1441278},
  year = {1982},
  month = jan,
  publisher = {Society of Exploration Geophysicists},
  volume = {47},
  number = {1},
  pages = {31--37},
  author = {D. T. Thompson},
  title = {{EULDPH}: A new technique for making computer-assisted depth estimates from magnetic data},
  journal = {{GEOPHYSICS}}
}

@article{Reid1990,
  doi = {10.1190/1.1442774},
  year = {1990},
  month = jan,
  publisher = {Society of Exploration Geophysicists},
  volume = {55},
  number = {1},
  pages = {80--91},
  author = {A. B. Reid and J. M. Allsop and H. Granser and A. J. Millett and I. W. Somerton},
  title = {Magnetic interpretation in three dimensions using Euler deconvolution},
  journal = {{GEOPHYSICS}}
}

@article{Melo2013,
  doi = {10.1190/geo2012-0515.1},
  year = {2013},
  month = nov,
  publisher = {Society of Exploration Geophysicists},
  volume = {78},
  number = {6},
  pages = {J87--J98},
  author = {Felipe F. Melo and Valeria C. F. Barbosa and Leonardo Uieda and Vanderlei C. Oliveira Jr. and Jo{\~{a}}o B. C. Silva},
  title = {Estimating the nature and the horizontal and vertical positions of 3D magnetic sources using Euler deconvolution},
  journal = {{GEOPHYSICS}}
}

@article{Uieda2014,
  doi = {10.1190/tle33040448.1},
  year = {2014},
  month = apr,
  publisher = {Society of Exploration Geophysicists},
  volume = {33},
  number = {4},
  pages = {448--450},
  author = {Leonardo Uieda and Vanderlei C. Oliveira and Val{\'{e}}ria C. F. Barbosa},
  title = {Geophysical tutorial: Euler deconvolution of potential-field data},
  journal = {The Leading Edge}
}

@article{Reid2014,
  doi = {10.1111/1365-2478.12119},
  year = {2014},
  month = apr,
  publisher = {Wiley},
  volume = {62},
  number = {5},
  pages = {1162--1168},
  author = {Alan B. Reid and J\"{o}rg Ebbing and Susan J. Webb},
  title = {Avoidable Euler Errors - the use and abuse of Euler deconvolution applied to potential fields},
  journal = {Geophysical Prospecting}
}

@article{Barbosa1999,
  doi = {10.1190/1.1444529},
  year = {1999},
  month = jan,
  publisher = {Society of Exploration Geophysicists},
  volume = {64},
  number = {1},
  pages = {48--60},
  author = {Val{\'{e}}ria C. F. Barbosa and Jo{\~{a}}o B. C. Silva and Walter E. Medeiros},
  title = {Stability analysis and improvement of structural index estimation in Euler deconvolution},
  journal = {{GEOPHYSICS}}
}

@article{BurtonJohnson2020,
  doi = {10.5194/tc-14-3843-2020},
  year = {2020},
  month = nov,
  publisher = {Copernicus {GmbH}},
  volume = {14},
  number = {11},
  pages = {3843--3873},
  author = {Alex Burton-Johnson and Ricarda Dziadek and Carlos Martin},
  title = {Review article: Geothermal heat flow in Antarctica: current and future directions},
  journal = {The Cryosphere}
}

@article{Florio2022,
  doi = {10.1093/gji/ggac348},
  year = {2022},
  month = sep,
  publisher = {Oxford University Press ({OUP})},
  volume = {232},
  number = {1},
  pages = {601--614},
  author = {G Florio and M Fedi and F Cella},
  title = {A fractional vertical derivative technique for regional-residual separation},
  journal = {Geophysical Journal International}
}

@article{Reis2020,
  doi = {10.1190/geo2019-0706.1},
  year = {2020},
  month = nov,
  publisher = {Society of Exploration Geophysicists},
  volume = {85},
  number = {6},
  pages = {J99--J110},
  author = {Andr{\'{e}} L. A. Reis and Vanderlei C. Oliveira Jr. and Val{\'{e}}ria C. F. Barbosa},
  title = {Generalized positivity constraint on magnetic equivalent layers},
  journal = {{GEOPHYSICS}}
}

@article{Losing2021,
  doi = {10.1029/2020jb021499},
  year = {2021},
  month = jun,
  publisher = {American Geophysical Union ({AGU})},
  volume = {126},
  number = {6},
  author = {M. L\"{o}sing and J. Ebbing},
  title = {Predicting Geothermal Heat Flow in Antarctica With a Machine Learning Approach},
  journal = {Journal of Geophysical Research: Solid Earth}
}

@article{Losing2020,
  doi = {10.3389/feart.2020.00105},
  year = {2020},
  month = apr,
  publisher = {Frontiers Media {SA}},
  volume = {8},
  author = {Mareen L\"{o}sing and J\"{o}rg Ebbing and Wolfgang Szwillus},
  title = {Geothermal Heat Flux in Antarctica: Assessing Models and Observations by Bayesian Inversion},
  journal = {Frontiers in Earth Science}
}

@article{Olsen2017,
  doi = {10.1093/gji/ggx381},
  year = {2017},
  month = sep,
  publisher = {Oxford University Press ({OUP})},
  volume = {211},
  number = {3},
  pages = {1461--1477},
  author = {Nils Olsen and Dhananjay Ravat and Christopher C Finlay and Livia K Kother},
  title = {{LCS}-1: a high-resolution global model of the lithospheric magnetic field derived from {CHAMP} and Swarm satellite observations},
  journal = {Geophysical Journal International}
}

@article{Seroussi2017,
  doi = {10.1002/2017jb014423},
  year = {2017},
  month = sep,
  publisher = {American Geophysical Union ({AGU})},
  volume = {122},
  number = {9},
  pages = {7127--7155},
  author = {Helene Seroussi and Erik R. Ivins and Douglas A. Wiens and Johannes Bondzio},
  title = {Influence of a West Antarctic mantle plume on ice sheet basal conditions},
  journal = {Journal of Geophysical Research: Solid Earth}
}

@article{Lowe2023,
  doi = {10.1029/2022jb025423},
  year = {2023},
  month = jan,
  publisher = {American Geophysical Union ({AGU})},
  volume = {128},
  number = {1},
  author = {Maximilian Lowe and Ben Mather and Chris Green and Tom A. Jordan and J\"{o}rg Ebbing and Robert Larter},
  title = {Anomalously High Heat Flow Regions Beneath the Transantarctic Mountains and Wilkes Subglacial Basin in East Antarctica Inferred From Curie Depth},
  journal = {Journal of Geophysical Research: Solid Earth}
}

@article{FoxMaule2005,
  doi = {10.1126/science.1106888},
  year = {2005},
  month = jul,
  publisher = {American Association for the Advancement of Science ({AAAS})},
  volume = {309},
  number = {5733},
  pages = {464--467},
  author = {Cathrine {Fox Maule} and Michael E. Purucker and Nils Olsen and Klaus Mosegaard},
  title = {Heat Flux Anomalies in Antarctica Revealed by Satellite Magnetic Data},
  journal = {Science}
}

@article{Spector1970,
  doi = {10.1190/1.1440092},
  year = {1970},
  month = apr,
  publisher = {Society of Exploration Geophysicists},
  volume = {35},
  number = {2},
  pages = {293--302},
  author = {A. Spector and F. S. Grant},
  title = {{STATISTICAL} {MODELS} {FOR} {INTERPRETING} {AEROMAGNETIC} {DATA}},
  journal = {{GEOPHYSICS}}
}

@article{NunezDemarco2020,
  doi = {10.1093/gji/ggaa361},
  year = {2020},
  month = aug,
  publisher = {Oxford University Press ({OUP})},
  volume = {224},
  number = {1},
  pages = {17--39},
  author = {P {N{\'{u}}{\~{n}}ez~Demarco} and C Prezzi and L S{\'{a}}nchez~Bettucci},
  title = {Review of Curie point depth determination through different spectral methods applied to magnetic data},
  journal = {Geophysical Journal International}
}

@article{Li2020,
  doi = {10.1029/2019gl084607},
  year = {2020},
  month = feb,
  publisher = {American Geophysical Union ({AGU})},
  volume = {47},
  number = {3},
  author = {Duan Li and Qing Liang and Jinsong Du and Shida Sun and Yi Zhang and Chao Chen},
  title = {Transforming Total-Field Magnetic Anomalies Into Three Components Using Dual-Layer Equivalent Sources},
  journal = {Geophysical Research Letters}
}

@article{Melo2021,
  doi = {10.1016/j.jappgeo.2021.104339},
  year = {2021},
  month = jul,
  publisher = {Elsevier {BV}},
  volume = {190},
  pages = {104339},
  author = {Felipe F. Melo and Shayane P. Gonzalez and Val{\'{e}}ria C.F. Barbosa and Vanderlei C. Oliveira Jr},
  title = {Amplitude of the magnetic anomaly vector in the interpretation of total-field anomaly at low magnetic latitudes},
  journal = {Journal of Applied Geophysics}
}

@article{Johnson2016,
  year = {2016},
  month = oct,
  publisher = {Association of Exploration Geophysicists},
  volume = {XXXVII},
  number = {4},
  pages = {187-190},
  author = {Ash Johnson and Ian MacLeod},
  title = {Using Power Spectra for Potential Field Data Interpretation: Challenges and Cautions},
  journal = {Journal of Geophysics}
}

@article{Ebbing2021,
  doi = {10.1038/s41598-021-84834-1},
  year = {2021},
  month = mar,
  publisher = {Springer Science and Business Media {LLC}},
  volume = {11},
  number = {1},
  author = {J\"{o}rg Ebbing and Yixiati Dilixiati and Peter Haas and Fausto Ferraccioli and Stephanie Scheiber-Enslin},
  title = {East Antarctica magnetically linked to its ancient neighbours in Gondwana},
  journal = {Scientific Reports}
}

@article{Blakely1988,
  doi = {10.1029/jb093ib10p11817},
  year = {1988},
  publisher = {American Geophysical Union ({AGU})},
  volume = {93},
  number = {B10},
  pages = {11817},
  author = {Richard J. Blakely},
  title = {Curie temperature isotherm analysis and tectonic implications of aeromagnetic data from Nevada},
  journal = {Journal of Geophysical Research}
}

@article{Golynsky2018,
  doi = {10.1029/2018gl078153},
  year = {2018},
  month = jul,
  publisher = {American Geophysical Union ({AGU})},
  volume = {45},
  number = {13},
  pages = {6437--6449},
  author = {A. V. Golynsky and F. Ferraccioli and J. K. Hong and D. A. Golynsky and R. R. B. von Frese and D. A. Young and D. D. Blankenship and J. W. Holt and S. V. Ivanov and A. V. Kiselev and V. N. Masolov and G. Eagles and K. Gohl and W. Jokat and D. Damaske and C. Finn and A. Aitken and R. E. Bell and E. Armadillo and T. A. Jordan and J. S. Greenbaum and E. Bozzo and G. Caneva and R. Forsberg and M. Ghidella and J. Galindo-Zaldivar and F. Bohoyo and Y. M. Martos and Y. Nogi and E. Quartini and H. R. Kim and J. L. Roberts},
  title = {New Magnetic Anomaly Map of the Antarctic},
  journal = {Geophysical Research Letters}
}

@article{Kim2022,
  doi = {10.1029/2021jb023329},
  year = {2022},
  month = mar,
  publisher = {American Geophysical Union ({AGU})},
  volume = {127},
  number = {3},
  author = {H. R. Kim and A. V. Golynsky and D. A. Golynsky and H. Yu and R. R. B. von Frese and J. K. Hong},
  title = {New Magnetic Anomaly Constraints on the Antarctic Crust},
  journal = {Journal of Geophysical Research: Solid Earth}
}

@article{Kim2017,
  doi = {10.1186/s40623-017-0636-0},
  year = {2017},
  month = apr,
  publisher = {Springer Science and Business Media {LLC}},
  volume = {69},
  number = {1},
  author = {Hyung Rae Kim and Ralph R. B. von Frese},
  title = {Utility of Slepian basis functions for modeling near-surface and satellite magnetic anomalies of the Australian lithosphere},
  journal = {Earth,  Planets and Space}
}

@article{Miller2022,
  doi = {10.1016/j.jvolgeores.2022.107555},
  year = {2022},
  month = jul,
  publisher = {Elsevier {BV}},
  volume = {427},
  pages = {107555},
  author = {Craig A. Miller and Jenny Barretto and Vaughan Stagpoole and Fabio Caratori-Tontini and Thomas Brakenrig and Edward Bertrand},
  title = {The integrated history of repeated caldera formation and infill at the Okataina Volcanic Centre: Insights from 3D gravity and magnetic models},
  journal = {Journal of Volcanology and Geothermal Research}
}

@article{Trevino2021,
  doi = {10.1029/2020jb020850},
  year = {2021},
  month = apr,
  publisher = {American Geophysical Union ({AGU})},
  volume = {126},
  number = {4},
  author = {Sarah F. Trevino and Craig A. Miller and Basil Tikoff and Dominique Fournier and Brad S. Singer},
  title = {Multiple,  Coeval Silicic Magma Storage Domains Beneath the {L}aguna {D}el {M}aule Volcanic Field Inferred From Gravity Investigations},
  journal = {Journal of Geophysical Research: Solid Earth}
}

@article{HidalgoGato2021,
  doi = {10.1190/geo2019-0726.1},
  year = {2021},
  month = jan,
  publisher = {Society of Exploration Geophysicists},
  volume = {86},
  number = {1},
  pages = {J1--J11},
  author = {Marlon C. Hidalgo-Gato and Val{\'{e}}ria C. F. Barbosa and Vanderlei C. Oliveira},
  title = {Magnetic amplitude inversion for depth-to-basement and apparent magnetization-intensity estimates},
  journal = {{GEOPHYSICS}}
}

@article{Alken2021,
  doi = {10.1186/s40623-020-01288-x},
  year = {2021},
  month = feb,
  publisher = {Springer Science and Business Media {LLC}},
  volume = {73},
  number = {1},
  author = {P. Alken and E. Th{\'{e}}bault and C. D. Beggan and H. Amit and J. Aubert and J. Baerenzung and T. N. Bondar and W. J. Brown and S. Califf and A. Chambodut and A. Chulliat and G. A. Cox and C. C. Finlay and A. Fournier and N. Gillet and A. Grayver and M. D. Hammer and M. Holschneider and L. Huder and G. Hulot and T. Jager and C. Kloss and M. Korte and W. Kuang and A. Kuvshinov and B. Langlais and J.-M. L{\'{e}}ger and V. Lesur and P. W. Livermore and F. J. Lowes and S. Macmillan and W. Magnes and M. Mandea and S. Marsal and J. Matzka and M. C. Metman and T. Minami and A. Morschhauser and J. E. Mound and M. Nair and S. Nakano and N. Olsen and F. J. Pav{\'{o}}n-Carrasco and V. G. Petrov and G. Ropp and M. Rother and T. J. Sabaka and S. Sanchez and D. Saturnino and N. R. Schnepf and X. Shen and C. Stolle and A. Tangborn and L. T{\o}ffner-Clausen and H. Toh and J. M. Torta and J. Varner and F. Vervelidou and P. Vigneron and I. Wardinski and J. Wicht and A. Woods and Y. Yang and Z. Zeren and B. Zhou},
  title = {International Geomagnetic Reference Field: the thirteenth generation},
  journal = {Earth,  Planets and Space}
}

@article{Li2010,
  doi = {10.1190/1.3294766},
  year = {2010},
  month = jan,
  publisher = {Society of Exploration Geophysicists},
  volume = {75},
  number = {1},
  pages = {L1--L11},
  author = {Yaoguo Li and Sarah E. Shearer and Matthew M. Haney and Neal Dannemiller},
  title = {Comprehensive approaches to 3D inversion of magnetic data affected by remanent magnetization},
  journal = {{GEOPHYSICS}}
}

@article{Stal2021,
  doi = {10.1029/2020gc009428},
  year = {2021},
  month = feb,
  publisher = {American Geophysical Union ({AGU})},
  volume = {22},
  number = {2},
  author = {Tobias St{\aa}l and Anya M. Reading and Jacqueline A. Halpin and Joanne M. Whittaker},
  title = {Antarctic Geothermal Heat Flow Model: Aq1},
  journal = {Geochemistry,  Geophysics,  Geosystems}
}

@article{Haas2021,
  doi = {10.3389/feart.2021.696674},
  year = {2021},
  month = dec,
  publisher = {Frontiers Media {SA}},
  volume = {9},
  author = {Peter Haas and J\"{o}rg Ebbing and Nicolas L. Celli and Patrice F. Rey},
  title = {Two-step Gravity Inversion Reveals Variable Architecture of African Cratons},
  journal = {Frontiers in Earth Science}
}

@article{Neel1955,
  doi = {10.1080/00018735500101204},
  year = {1955},
  month = apr,
  publisher = {Informa {UK} Limited},
  volume = {4},
  number = {14},
  pages = {191--243},
  author = {Louis N{\'{e}}el},
  title = {Some theoretical aspects of rock-magnetism},
  journal = {Advances in Physics}
}

@article{Nagy2017,
  author = {Lesleis Nagy  and Wyn Williams  and Adrian R. Muxworthy  and Karl Fabian  and Trevor P. Almeida  and Pádraig Ó Conbhuí  and Valera P. Shcherbakov },
  title = {Stability of equidimensional pseudo–single-domain magnetite over billion-year timescales},
  journal = {Proceedings of the National Academy of Sciences},
  volume = {114},
  number = {39},
  pages = {10356-10360},
  year = {2017},
  doi = {10.1073/pnas.1708344114},
}

@article{deGroot2014,
  doi = {10.1038/ncomms5548},
  year = {2014},
  month = aug,
  publisher = {Springer Science and Business Media {LLC}},
  volume = {5},
  number = {1},
  author = {Lennart V. de Groot and Karl Fabian and Iman A. Bakelaar and Mark J. Dekkers},
  title = {Magnetic force microscopy reveals meta-stable magnetic domain states that prevent reliable absolute palaeointensity experiments},
  journal = {Nature Communications}
}

@article{Fu2020,
  doi = {10.1029/2020gc009147},
  year = {2020},
  month = aug,
  publisher = {American Geophysical Union ({AGU})},
  volume = {21},
  number = {8},
  author = {Roger R. Fu and Eduardo A. Lima and Michael W. R. Volk and Raisa Trubko},
  title = {High-Sensitivity Moment Magnetometry With the Quantum Diamond Microscope},
  journal = {Geochemistry,  Geophysics,  Geosystems}
}

@article{Roest1992,
  doi = {10.1190/1.1443174},
  year = {1992},
  month = jan,
  publisher = {Society of Exploration Geophysicists},
  volume = {57},
  number = {1},
  pages = {116--125},
  author = {Walter R. Roest and Jacob Verhoef and Mark Pilkington},
  title = {Magnetic interpretation using the 3-D analytic signal},
  journal = {{GEOPHYSICS}}
}

@inproceedings{Neubert2014,
  doi = {10.1109/icpr.2014.181},
  year = {2014},
  month = aug,
  publisher = {{IEEE}},
  author = {Peer Neubert and Peter Protzel},
  title = {Compact Watershed and Preemptive {SLIC}: On Improving Trade-offs of Superpixel Segmentation Algorithms},
  booktitle = {2014 22nd International Conference on Pattern Recognition}
}

@article{Conbhui2018,
  doi = {10.1002/2017gc007279},
  year = {2018},
  month = apr,
  publisher = {Wiley},
  volume = {19},
  number = {4},
  pages = {1080--1106},
  author = {P{\'{a}}draig {\'{O}} Conbhu{\'{\i}} and Wyn Williams and Karl Fabian and Phil Ridley and Lesleis Nagy and Adrian R. Muxworthy},
  title = {{MERRILL}: Micromagnetic Earth Related Robust Interpreted Language Laboratory},
  journal = {Geochemistry,  Geophysics,  Geosystems}
}
